<?xml version="1.0" encoding="UTF-8"?><collection xmlns="http://www.loc.gov/MARC21/slim"><record><leader>00382nam--2200133-i-4500</leader><controlfield tag="001">000016455</controlfield><controlfield tag="002">20161230</controlfield><controlfield tag="005">20161230201031</controlfield><controlfield tag="008">060222s1000------------r-----000-0-eng-d</controlfield><datafield ind1=" " ind2=" " tag="080"><subfield code="a">577.355(043)</subfield></datafield><datafield ind1=" " ind2=" " tag="100"><subfield code="a">Bouges-bocquet, Bernadette</subfield></datafield><datafield ind1=" " ind2=" " tag="245"><subfield code="a">Donneurs et accepteurs d`electrons du systeme ii de la photo synthese. these</subfield></datafield><datafield ind1=" " ind2=" " tag="260"><subfield code="a">Paris, Universite, 1974 126 P</subfield></datafield><datafield ind1=" " ind2=" " tag="852"><subfield code="a">78311</subfield></datafield></record></collection>